<record><leader>00000cas a2200000 a 4500</leader><controlfield tag="001">11888890</controlfield><controlfield tag="008">850405d192219uufludr ne      0    0eng c</controlfield><datafield ind1=" " ind2=" " tag="010"><subfield code="a">sn 96027144 </subfield></datafield><datafield ind1=" " ind2=" " tag="040"><subfield code="a">FXN</subfield><subfield code="b">eng</subfield><subfield code="c">FXN</subfield><subfield code="d">FUG</subfield><subfield code="d">OCLCQ</subfield><subfield code="d">OCLCF</subfield><subfield code="d">OCLCO</subfield></datafield><datafield ind1=" " ind2=" " tag="012"><subfield code="i">9602</subfield></datafield><datafield ind1="1" ind2=" " tag="029"><subfield code="a">AU@</subfield><subfield code="b">000024694415</subfield></datafield><datafield ind1=" " ind2=" " tag="042"><subfield code="a">pcc</subfield></datafield><datafield ind1=" " ind2=" " tag="043"><subfield code="a">n-us-fl</subfield></datafield><datafield ind1=" " ind2=" " tag="090"><subfield code="a">AP2</subfield><subfield code="b">.F54</subfield></datafield><datafield ind1="0" ind2="4" tag="245"><subfield code="a">The Florida post.</subfield></datafield><datafield ind1=" " ind2=" " tag="260"><subfield code="a">Winter Park, Fla. :</subfield><subfield code="b">Florida National Pub. Co.,</subfield><subfield code="c">1922-</subfield></datafield><datafield ind1=" " ind2=" " tag="300"><subfield code="a">v. :</subfield><subfield code="b">ill. ;</subfield><subfield code="c">58 cm.</subfield></datafield><datafield ind1=" " ind2=" " tag="310"><subfield code="a">Daily,</subfield><subfield code="b">Apr.-&lt;July, 1922&gt;</subfield></datafield><datafield ind1=" " ind2=" " tag="321"><subfield code="a">Daily (except Sunday),</subfield><subfield code="b">Feb.-Apr. 1922</subfield></datafield><datafield ind1="0" ind2=" " tag="362"><subfield code="a">Vol. 1, no. 1 (Feb. l5, 1922)-</subfield></datafield><datafield ind1=" " ind2=" " tag="500"><subfield code="a">Published for Winter Park and Orlando.</subfield></datafield><datafield ind1=" " ind2=" " tag="515"><subfield code="a">Numbering is irregular.</subfield></datafield><datafield ind1=" " ind2=" " tag="588"><subfield code="a">Latest issue consulted: Vol. 7, no. 144 (July 18, 1922).</subfield></datafield><datafield ind1=" " ind2="0" tag="651"><subfield code="a">Winter Park (Fla.)</subfield><subfield code="v">Newspapers.</subfield></datafield><datafield ind1=" " ind2="0" tag="651"><subfield code="a">Orlando (Fla.)</subfield><subfield code="v">Newspapers.</subfield></datafield><datafield ind1=" " ind2="0" tag="651"><subfield code="a">Orange County (Fla.)</subfield><subfield code="v">Newspapers.</subfield></datafield><datafield ind1=" " ind2="7" tag="655"><subfield code="a">Newspapers.</subfield><subfield code="2">fast</subfield><subfield code="0">(OCoLC)fst01423814</subfield></datafield><datafield ind1=" " ind2="7" tag="651"><subfield code="a">Florida</subfield><subfield code="z">Orange County.</subfield><subfield code="2">fast</subfield><subfield code="0">(OCoLC)fst01211878</subfield></datafield><datafield ind1=" " ind2="7" tag="651"><subfield code="a">Florida</subfield><subfield code="z">Orlando.</subfield><subfield code="2">fast</subfield><subfield code="0">(OCoLC)fst01204036</subfield></datafield><datafield ind1=" " ind2="7" tag="651"><subfield code="a">Florida</subfield><subfield code="z">Winter Park.</subfield><subfield code="2">fast</subfield><subfield code="0">(OCoLC)fst01203029</subfield></datafield><datafield ind1=" " ind2=" " tag="752"><subfield code="a">United States</subfield><subfield code="b">Florida</subfield><subfield code="c">Orange</subfield><subfield code="d">Winter Park.</subfield></datafield><datafield ind1=" " ind2=" " tag="752"><subfield code="a">United States</subfield><subfield code="b">Florida</subfield><subfield code="c">Orange</subfield><subfield code="d">Orlando.</subfield></datafield><datafield ind1="0" ind2="0" tag="780"><subfield code="t">Winter Park post</subfield><subfield code="w">(DLC)sn 96027143</subfield><subfield code="w">(OCoLC)34180349</subfield></datafield><datafield ind1=" " ind2=" " tag="850"><subfield code="a">FU</subfield></datafield></record>